<?xml version='1.0' encoding='utf-8'?>
<record xmlns="http://www.loc.gov/MARC21/slim" xmlns:xsi="http://www.w3.org/2001/XMLSchema-instance">
  <leader>00000npcaa2200253za^4500</leader>
  <controlfield tag="001">004078800</controlfield>
  <controlfield tag="005">20090317115320.0</controlfield>
  <controlfield tag="008">000329i19831990miu^^^^^^^^^^^^^^^^^eng^d</controlfield>
  <datafield tag="035" ind1=" " ind2=" ">
    <subfield code="a">(OCoLC)ocm81793719</subfield>
  </datafield>
  <datafield tag="040" ind1=" " ind2=" ">
    <subfield code="a">MiU-H</subfield>
    <subfield code="c">MiU-H</subfield>
    <subfield code="e">appm</subfield>
  </datafield>
  <datafield tag="110" ind1="2" ind2=" ">
    <subfield code="a">University of Michigan.</subfield>
    <subfield code="b">Schools, Colleges, Institutes and Libraries Personnel Service Center.</subfield>
  </datafield>
  <datafield tag="245" ind1="0" ind2="0">
    <subfield code="a">Schools, Colleges, Institutes and Libraries Personnel Service Center (University of Michigan) records,</subfield>
    <subfield code="f">1983-1990.</subfield>
  </datafield>
  <datafield tag="300" ind1=" " ind2=" ">
    <subfield code="a">1 linear ft.</subfield>
  </datafield>
  <datafield tag="545" ind1=" " ind2=" ">
    <subfield code="a">The SCIL Personnel Service Center served as a Liaison between the University Personnel office's functions and operating units Personnel served, and between the units served by the center and potential faculty and staff.</subfield>
    <subfield code="b">It developed and administered policies and programs to attract, select, develop, and retain a diverse faculty and staff.</subfield>
  </datafield>
  <datafield tag="520" ind1=" " ind2=" ">
    <subfield code="a">Records include Monthly Reports from July 1984 to June 1988 which describe major accomplishments and problems in the areas of compensation, staff relations, employment and staff development. They briefly describe specific examples of problems relating to sexual harrassment, RIF, discipline of employees, and organizational restructuring.</subfield>
  </datafield>
  <datafield tag="520" ind1=" " ind2=" ">
    <subfield code="a">The collection also contains Advisory Group materials from January 1987 to November 1990. The Advisory Group was a body which developed and reviewed personnel policies for the academic units in SCIL. In addition to minutes from the group meetings, there are statistical overviews of personnel matters and background materials used in policy development.</subfield>
  </datafield>
  <datafield tag="500" ind1=" " ind2=" ">
    <subfield code="a">Donor: 7842</subfield>
  </datafield>
  <datafield tag="610" ind1="2" ind2="0">
    <subfield code="a">University of Michigan.</subfield>
    <subfield code="b">Schools, Colleges, Institutes and Libraries Personnel Service Center.</subfield>
  </datafield>
  <datafield tag="610" ind1="2" ind2="0">
    <subfield code="a">University of Michigan</subfield>
    <subfield code="x">Employees.</subfield>
  </datafield>
  <datafield tag="610" ind1="2" ind2="0">
    <subfield code="a">University of Michigan.</subfield>
    <subfield code="b">Personnel office.</subfield>
  </datafield>
  <datafield tag="852" ind1="8" ind2=" ">
    <subfield code="a">MiU-H</subfield>
    <subfield code="b">BENT</subfield>
    <subfield code="h">0050 Bimu 2</subfield>
  </datafield>
  <datafield tag="998" ind1=" " ind2=" ">
    <subfield code="c">BAW</subfield>
  </datafield>
  <datafield tag="955" ind1=" " ind2=" ">
    <subfield code="b">BENT</subfield>
    <subfield code="p">B1718773</subfield>
  </datafield>
</record>
